@Book{projeto:99,
  author = {Nivio Ziviani},
  title = {Projeto de Algoritmos com implementações em Pascal e C},
  publisher ={Editora Pioneira São Paulo},
  year = {1999},
  edition = {4th}
}

@Book{desmistificando:14,
  author = {Thomas H. Cormen},
  title = {Desmistificando Algoritmos},
  publisher ={Elsevier},
  year = {2014},
  edition = {1th}
}

@misc{bubble:jairo,
	howpublished = "\url{https://bit.ly/3urKgbx}",
	author = {Jairo Francisco de Souza},
	title = {Método BubbleSort},
	note = {Acesso em 05 abr. 2021}
}
